@article{AntoineL,
author = {Antoine Lemenant},
title = {Initiation à la fonctionnelle de {M}umford-{S}hah},
journaltitle = {Journée X-UPS 2017},
year = {2012},
}
@article{TonyC,
author = {Tony F. Chan AND Luminita A. Vese},
title = {A level set algorithm for minimizing the {M}umford-{S}hah functional in image processing},
journaltitle = {Institute of Electrical and Electronics Engineers},
year = {2002},
}
@article{LaurentC,
author = {Laurent D. Cohen},
title = {Segmentation d'énergie minimale},
journaltitle = {},
year = {1999},
}